\begin{filecontents}{\References.bib}

@paper{EF2017,
	author	= {Ethereum Foundation},	
	title	= {Ethereum Whitepaper},
	year	= {2017},
	publisher = {GitHub},
	journal = {GitHub repository},
	howpublished = {\url{https://github.com/ethereum/wiki/wiki/White-Paper}},
	commit = {b14c975a3152e2312735fd0f93b838a16161bc25}
}

@misc{Buterin2017,
	author = {Vitalik Buterin},
	title  = {Pyethereum Source},
	year = {2017},
	publisher= {GitHub},
	journal = {GitHub repository},
	howpublished = {\url{https://www.github.com/ethereum/pyethereum/ethereum/opcodes.py}},
	commit = {fd70d67ea91a021376fe13c819b2203bad2d3cd2}
}

@misc{ButerinEtAl2017,
	author = {Ethereum Wiki Contributors},
	title  = {Mining.md},
	year   = {2017},
	publisher = {GitHub},
	journal = {GitHub repository},
	commit = {f42bca621263fb2d8bb47bc18e7a45272b70a704}
}

@paper{Wood2017,
	author = {Dr. Gavin Wood},
	title = {Ethereum: A Secure Decentralised Generalised Transaction Ledger },
	year = {2017},
	publisher = {GitHub},
	journal = {GitHub repository},
	howpublished = {\url{https://github.com/ethereum/yellowpaper}},
	commit = {759dccde49c3a1a457196665d1db06baba220bf0}
}

@book{StarkRobert2017,
	place={New York}, 
	title={Abstract state machines: a method for high-level system design and analysis}, 
	publisher={Springer}, 
	author={Borger, E. and Stark Robert F.}, 
	year={2003}}

@misc{wiki:xxx,
    author = {Wikipedia contributors},
    title = {Tree (data structure) --- Wikipedia{,} The Free Encyclopedia},
    year = {2017},
    url = {https://en.wikipedia.org/w/index.php?title=Tree_(data_structure)\&oldid=813972413},
    note = {[Online; accessed 15-December-2017]}
}

@misc{SompolinskyZohar,
	title = {Secure High-Rate Transaction Processing in Bitcoin}, 
	url = {https://eprint.iacr.org/2013/881.pdf}, 
	journal = {International Association for Cryptographic Research}, 
	publisher = {The Hebrew University of Jerusalem, Israel; Microsoft Research, Herzliya, Israel}, 
	author = {Sompolinsky, Yonatan and Zohar, Aviv}
}

@misc{jnnk,
	author = {Ethereum Foundation},
	title = {Pyrlp Tutorial},
	url   = {https://github.com/jnnk/pyrlp/blob/master/docs/tutorial.rst},
	year  = {2015},
	commit = {26a20a0557d33638977f0c4736028bff239b3baf}	
}
	
\end{filecontents}
